@online{facts2007stanford,
	author       =	{Mulligan, Kevin and Correia, Fabrice},
	title        =	{{Facts}},
	booktitle    =	{The {Stanford} Encyclopedia of Philosophy},
	editor       =	{Edward N. Zalta},
	howpublished =	{\url{https://plato.stanford.edu/archives/win2020/entries/facts/}},
	year         =	{2020},
	edition      =	{Winter 2020},
	publisher    =	{Metaphysics Research Lab, Stanford University}
}

@online{assertion2007stanford,
	author       =	{Pagin, Peter},
	title        =	{{Assertion}},
	booktitle    =	{The {Stanford} Encyclopedia of Philosophy},
	editor       =	{Edward N. Zalta},
	howpublished =	{\url{https://plato.stanford.edu/archives/win2016/entries/assertion/}},
	year         =	{2016},
	edition      =	{Winter 2016},
	publisher    =	{Metaphysics Research Lab, Stanford University}
}


@book{hintikka2013inquiry,
  title={Inquiry as inquiry: A logic of scientific discovery},
  author={Hintikka, Jaakko},
  volume={5},
  year={2013},
  publisher={Springer Science \& Business Media}
}

@online{krak2020web,
  url="https://www.krackattacks.com/",
  title="The 4-way handshake was mathematically proven as secure. How is your attack possible?",
  urldate="2020-06-25",
  author="Mathy Vanhoef"
}

@online{v-research2020cybersecurity-anonymous,
  url="https://github.com/...",
  title="Repository",
  author="42"
}

@online{v-research2020cybersecurity,
  url="https://github.com/v-research/cybersecurity",
  title="V-Research Cybersecurity Repository",
  author="V-Research"
}

@online{NVD2020dashboard,
  url="https://nvd.nist.gov/general/nvd-dashboard",
  title="NVD Dashboard",
  urldate="2020-06-09",
  author="National Institute of Standards and Technologies (NIST)"
}

@online{Threatmodeler,
  url="https://threatmodeler.com/",
  title="ThreatModeler",
  author="Threatmodeler"
}

@inproceedings{De2015role,
  title={The role of catalogues of threats and security controls in security risk assessment: an empirical study with ATM professionals},
  author={de Gramatica, Martina and Labunets, Katsiaryna and Massacci, Fabio and Paci, Federica and Tedeschi, Alessandra},
  booktitle={International Working Conference on Requirements Engineering: Foundation for Software Quality},
  pages={98--114},
  year={2015},
  organization={Springer}
}

@book{Lund2010model,
  title={Model-driven risk analysis: the CORAS approach},
  author={Lund, Mass Soldal and Solhaug, Bj{\o}rnar and St{\o}len, Ketil},
  year={2010},
  publisher={Springer Science \& Business Media}
}

@inproceedings{Rao1995semantics,
  title={The semantics of intention maintenance for rational agents},
  author={Rao, Anand S and Georgeff, Michael P},
  booktitle={Proceedings of the fourteenth international joint conference on artificial intelligence (IJCAI)},
  pages={704--710},
  year={1995}
}

@inproceedings{Armando2012avantssar,
  title={The AVANTSSAR platform for the automated validation of trust and security of service-oriented architectures},
  author={Armando, Alessandro and Arsac, Wihem and Avanesov, Tigran and Barletta, Michele and Calvi, Alberto and Cappai, Alessandro and Carbone, Roberto and Chevalier, Yannick and Compagna, Luca and Cu{\'e}llar, Jorge and others},
  booktitle={International Conference on Tools and Algorithms for the Construction and Analysis of Systems},
  pages={267--282},
  year={2012},
  organization={Springer}
}

@article{Shannon1948information,
  title={A mathematical theory of communication},
  author={Shannon, Claude E},
  journal={Bell system technical journal},
  volume={27},
  number={3},
  pages={379--423},
  year={1948},
  publisher={Wiley Online Library}
}

@online{rfc1,
	url="https://tools.ietf.org/html/rfc1",
	author="Steve Crocker",
	publisher="IETF",
	date="1969"
}

@incollection{Cremers2009comparing,
  title={Comparing state spaces in automatic security protocol analysis},
  author={Cremers, Cas JF and Lafourcade, Pascal and Nadeau, Philippe},
  booktitle={Formal to Practical Security},
  pages={70--94},
  year={2009},
  publisher={Springer}
}

@inproceedings{Mathur2016swat,
  title={SWaT: A water treatment testbed for research and training on ICS security},
  author={Mathur, Aditya P and Tippenhauer, Nils Ole},
  booktitle={International Workshop on Cyber-physical Systems for Smart Water Networks (CySWater)},
  pages={31--36},
  year={2016},
  organization={IEEE}
}

@inproceedings{Maurer1999information,
  title={Information-theoretic cryptography},
  author={Maurer, Ueli},
  booktitle={Annual International Cryptology Conference},
  pages={47--65},
  year={1999},
  organization={Springer}
}

@online{SAE2016J3061,
	author = "SAE",
	title = "Cybersecurity Guidebook for Cyber-Physical Vehicle Systems",
	date = "2016",
	url ="https://www.sae.org/standards/content/j3061_201601"
}


@report{Stouffer2011guide,
  title={Guide to industrial control systems (ICS) security},
  author={Stouffer, Keith},
  journal={NIST special publication},
  volume={800},
  number={82},
  pages={16--16}
}

@online{SAE2019DO326A,
	author = "SAE",
	title = "DO -326A and ED-202A : An Introduction to the New and Mandatory Aviation Cyber-Security Essentials C1949",
	date = "2019",
	url ="https://www.sae.org/learn/content/c1949/"
}

@article{Mctaggart1908unreality,
  title={The unreality of time},
  author={McTaggart, J Ellis},
  journal={Mind},
  pages={457--474},
  year={1908},
  publisher={JSTOR}
}

@online{Anderson1972report,
	author = "James Anderson",
	title = "Computer Security Technology Planning Study",
	date = "1972-10",
	url =" https://csrc.nist.gov/csrc/media/publications/conference-paper/1998/10/08/proceedings-of-the-21st-nissc-1998/documents/early-cs-papers/ande72.pdf"
}

@article{Samonas2014cia,
  title={the CIA Strikes Back: Redefining Confidentiality, Integrity and Availability in Security},
  author={Samonas, Spyridon and Coss, David},
  journal={Journal of Information System Security},
  volume={10},
  number={3},
  year={2014}
}

@online{NISTSP800-160,
	author = "NIST",
	date = "2018-03-21",
	title = "SP 800-160 Vol. 1 -- Systems Security Engineering: Considerations for a Multidisciplinary Approach in the Engineering of Trustworthy Secure Systems",
	url ="https://csrc.nist.gov/publications/detail/sp/800-160/vol-1/final"
}


@online{OECD2013guidelines,
	author = "OECD (Organisation for Economic Co-operation and Development)",
	title = "Guidelines for the Security of Information Systems and Networks",
	date = "2013",
	url = "https://www.sbs.ox.ac.uk/cybersecurity-capacity/content/oecd-guidelines-security-information-systems-and-networks"
}

@inbook{Hintikka1993Information,
  author="Jakko Hintikka",
  editor="",
  title="On proper (popper?) and improper uses of information in epistemology",
  bookTitle="Theoria",
  year="1993",
  publisher="Wiley Online Library",
  pages="158--165",
  url="https://doi.org/10.1111/j.1755-2567.1993.tb00867.x"
}

@inproceedings{Georgeoff1995bdi,
  author = "Michael P. Georgeoff and Anand S. Rao",
  title = "The Semantics of Intention Maintenance for Rational Agents",
  booktitle = "International Joint Conference on Artificial Intelligence (IJCAI)",
  date = "1995"
}

@online{ISO201515288,
  author = "International Organization for Standardization (ISO)",
  title = "ISO/IEC/IEEE 15288:2015, Systems and Software Engineering -- System Life Cycle Processes",
  date = "2015-05",
  url = "https://www.iso.org/standard/63711.html",
  urldate = "2020-02-20"
}

@online{Spafford2019Quotes,
  author = "Eugene H Spafford",
  title = "Quatable Spaf",
  date = "2019-12-04",
  url = "https://spaf.cerias.purdue.edu/quotes.html",
  urldate = "2020-02-19"
}

@online{wiki-cybersecurity,
  author = "Wikipedia Foundation Inc",
  title = "Computer Security",
  url = "https://en.wikipedia.org/wiki/Computer_security",
  urldate = "2022-03-18"
}

@online{wiki-knowledgebelief,
  author = "Wikipedia Foundation Inc",
  title = "Classical Definition of Knowledge -- Epistemology",
  date = "2014-08-26",
  url = "https://en.wikipedia.org/wiki/Epistemology#/media/File:Classical_definition_of_Kno.svg",
  urldate = "2020-01-27"
}

@online{wiki-exploit,
  author = "Wikipedia Foundation Inc",
  title = "Exploit (computer security)",
  date = "2022-03-18",
  url = "https://en.wikipedia.org/wiki/Exploit_(computer_security)",
}


@online{IEC201761511,
  author = "International Electrotechnical Commission (IEC)",
  title = "IEC 61511-1:2016+AMD1:2017 CSV Consolidated version",
  date = "2017-08-16",
  url = "https://webstore.iec.ch/publication/61289",
  urldate = "2020-01-21"
}

@online{wiki-bdi,
  author = "Wikipedia Foundation Inc",
  title = "Belief–desire–intention software model",
  date = "2019-12-22",
  url = "https://en.wikipedia.org/wiki/Belief%E2%80%93desire%E2%80%93intention_software_model",
  urldate = "2020-01-21"
}

@online{wiki-Heraclitus,
  author = "Wikipedia Foundation Inc",
  title = "Heraclitus",
  date = "2019-12-19",
  url = "https://en.wikipedia.org/wiki/Heraclitus",
  urldate = "2020-01-13"
}

@online{wiki-mankind,
  author = "Wikipedia Foundation Inc",
  title = "Mankind",
  date = "2019-12-19",
  url = "https://en.wikipedia.org/wiki/Mankind",
  urldate = "2020-01-15"
}

@online{wiki-nature,
  author = "Wikipedia Foundation Inc",
  title = "Nature",
  date = "2020-01-14",
  url = "https://en.wikipedia.org/wiki/Nature",
  urldate = "2020-01-15"
}

@inbook{caddy2005pentest,
  author="Caddy, Tom",
  editor="van Tilborg, Henk C. A.",
  title="Penetration Testing",
  bookTitle="Encyclopedia of Cryptography and Security",
  year="2005",
  publisher="Springer US",
  address="Boston, MA",
  pages="456--457",
  isbn="978-0-387-23483-0",
  doi="10.1007/0-387-23483-7_297",
  url="https://doi.org/10.1007/0-387-23483-7_297"
}

@article{cnssi20104009,
  title="Glossary No 4009",
  author="Committee on National Security Systems (CNSS)",
  journal="National Information Assurance (IA) Glossary",
  date="2015-04-06",
  url="https://rmf.org/wp-content/uploads/2017/10/CNSSI-4009.pdf"
}

@article{nist2013800-53,
  title="NIST Special Publication 800-53 Revision 4 - Security and Privacy Controls for Federal Information Systems and Organizations",
  author="Blank, Rebecca M. and Gallagher, Patrick D.",
  journal="National Institute of Standards and Technology Special Publication",
  date="2013-04",
}

@book{Hakim2016philosophy,
  author = "Hakim, Albert B.",
  title = "Historical Introduction to Philosophy",
  publisher = "Routledge",
  isbn = "978-0-13-190005-9",
  date = "2016"
}

@book{Popper1959logic,
  title={The Logic of Scientific Discovery},
  author={Popper, R. Karl},
  year={1959},
  publisher={New York London}
}

@book{popper1962conjectures,
  title={Conjectures and refutations: The growth of scientific knowledge},
  author={Popper, R. Karl},
  year={1962},
  publisher={New York London}
}

@article{Herley2016unfalsifiability,
  title={Unfalsifiability of security claims},
  author={Herley, Cormac},
  journal={Proceedings of the National Academy of Sciences (PNAS)},
  volume={113},
  number={23},
  pages={6415--6420},
  year={2016},
  publisher={National Academy of Sciences}
}

@online{Herley2016usenixvideo,
  author = "Herley, Cormac",
  title = "The Unfalsifiability of Security Claims - Invited Talk USENIX Security",
  date = "2016-08",
  url = "https://www.usenix.org/conference/usenixsecurity16/technical-sessions/presentation/herley",
  urldate = "2020-01-15"
}

@article{Dolev1983security,
  title={On the security of public key protocols},
  author={Dolev, Danny and Yao, Andrew},
  journal={IEEE Transactions on information theory},
  volume={29},
  number={2},
  pages={198--208},
  year={1983},
  publisher={IEEE}
}

@inproceedings{Blanchet2017symbolic,
  author = "Bruno, Blanchet",
  title = "Symbolic and Computational Mechanized Verification of the ARINC823 Avionic Protocols",
  booktitle = "Computer Security Foundations Symposium (CSF)",
  pages = "68--82",
  date = "2017-08",
  publisher = "IEEE"
}

@inproceedings{Escobar2007maudenpa,
  author    = "Santiago Escobar and
               Catherine A. Meadows and
	       {Jos\'e} Meseguer",
  title     = "Maude-NPA: Cryptographic Protocol Analysis Modulo Equational Properties",
  booktitle = "Foundations of Security Analysis and Design (FOSAD) - Tutorial Lectures",
  pages     = "1--50",
  date = "2007"
}

@inproceedings{Oheimb2010aslan++,
  title="ASLan++—a formal security specification language for distributed systems",
  author="Von Oheimb, David and {M\"odersheim}, Sebastian",
  booktitle="International Symposium on Formal Methods for Components and Objects",
  pages="1--22",
  date="2010",
  organization="Springer"
}

@inproceedings{Herley2017justifying,
  title={Justifying Security Measures—a Position Paper},
  author={Herley, Cormac},
  booktitle={European Symposium on Research in Computer Security},
  pages={11--17},
  date={2017},
  organization={Springer}
}

@inproceedings{Rocchetto2016cpdy,
  title={CPDY: extending the Dolev-Yao attacker with physical-layer interactions},
  author={Rocchetto, Marco and Tippenhauer, Nils Ole},
  booktitle={International Conference on Formal Engineering Methods},
  pages={175--192},
  date={2016},
  organization={Springer}
}

@article{Basin2005ofmc,
  title={OFMC: A symbolic model checker for security protocols},
  author={Basin, David and M{\"o}dersheim, Sebastian and Vigano, Luca},
  journal={International Journal of Information Security},
  volume={4},
  number={3},
  pages={181--208},
  year={2005},
  publisher={Springer}
}

@article{Armando2016satmc,
  title={SATMC: a SAT-based model checker for security protocols, business processes, and security APIs},
  author={Armando, Alessandro and Carbone, Roberto and Compagna, Luca},
  journal={International Journal on Software Tools for Technology Transfer},
  volume={18},
  number={2},
  pages={187--204},
  year={2016},
  publisher={Springer}
}

@inproceedings{Turuani2006clatse,
  title={The CL-Atse protocol analyser},
  author={Turuani, Mathieu},
  booktitle={International Conference on Rewriting Techniques and Applications},
  pages={277--286},
  year={2006},
  organization={Springer}
}

@article{Rocchetto2017interpolation,
  title={An interpolation-based method for the verification of security protocols},
  author={Rocchetto, Marco and Vigan{\`o}, Luca and Volpe, Marco},
  journal={Journal of Computer Security},
  volume={25},
  number={6},
  pages={463--510},
  year={2017},
  publisher={IOS Press}
}

@inproceedings{Barclay2014sustainable,
  author={Corlane Barclay},
  booktitle={Proceedings of the ITU kaleidoscope academic conference: Living in a converged world - Impossible without standards?},
  title={Sustainable security advantage in a changing environment: The Cybersecurity Capability Maturity Model (CM2)},
  date={2014},
  publisher={IEEE}
}

@manual{iet2017glossary,
	author="Institution of Engineering and Technology (IET)",
	date="2017-01",
	title="Glossary of safety terminology",
	url="https://www.theiet.org/media/1435/hsb00.pdf"
}

@book{Robinson2019writing,
  title={Writing and designing manuals and warnings},
  author={Robinson, Patricia A},
  date={2019},
  publisher={CRC Press}
}

@book{Marx2015capital,
  title={Capital volume 1},
  author={Marx, Karl},
  volume={1},
  year={2015},
  publisher={Progress Publisher, Moscow, USSR}
}

@inproceedings{Rocchetto2014CSRF,
  author    = {Marco Rocchetto and Mart{\'{i}}n Ochoa and Mohammad Torabi Dashti},
  title     = {Model-Based Detection of {CSRF}},
  booktitle = {Proceedings of the {ICT} Systems Security and Privacy Protection -- {IFIP} {TC} International Conference, {SEC}},
  pages     = {30--43},
  year      = {2014}
}

@book{Spirkin1983Dialectical,
	title="Dialectical Materialism",
	year="1983",
	publisher="Progress Publishers",
		url="https://www.marxists.org/reference/archive/spirkin/works/dialectical-materialism/index.html"
}

@article{ISO2009information,
  author = "International Organization for Standardization (ISO) and International Electrotechnical Commission (IEC)",
  title = "Information technology -- Security techniques -- Information security management systems -- Overview and vocabulary",
  date = "2009",
  url = "http://standards.iso.org/ittf/PubliclyAvailableStandards/c041933_ISO_IEC_27000_2009.zip",
  urldate = "2020-01-22"
}


@online{Stallman2002hacker,
  author = "Richard Stallman",
  title = "The Hacker Community and Ethics: An Interview with Richard M. Stallman",
  date = "2002",
  url = "https://www.gnu.org/philosophy/rms-hack.html",
}

@online{Merriam2020failure,
  author= "Merriam-Webster Inc",
  title="failure",
  date="2020",
  urldate="2020-01-18",
  url="https://www.merriam-webster.com/dictionary/failure"
}

@online{Merriam2020realization,
  author= "Merriam-Webster Inc",
  title="Realization",
  date="2020",
  urldate="2020-02-19",
  url="https://www.merriam-webster.com/dictionary/realization"
}

@online{EU2019standard,
  date="2019-12-06",
  url="https://ec.europa.eu/digital-single-market/en/standards-digitising-european-industry",
  title="Digital Single Market -- Policy -- Standards",
  urldate="2020-01-22"
}

@online{EU2019market,
  url="https://ec.europa.eu/digital-single-market/en/cybersecurity-industry",
  title=" Digital Single Market -- Policy -- Cybersecurity industry",
  date="2019-09-30",
  urldate="2020-01-22"
}

@online{EU2016press,
  title="Digital Single Market -- Press Release -- Commission signs agreement with cybersecurity industry to increase measures to address cyber threats",
  date="2016-07-05",
  urldate="2020-01-22",
  url="https://ec.europa.eu/digital-single-market/en/news/commission-signs-agreement-cybersecurity-industry-increase-measures-address-cyber-threats"
}

@inproceedings{Herley2009so,
  title={So long, and no thanks for the externalities: the rational rejection of security advice by users},
  author={Herley, Cormac},
  booktitle={Proceedings of the 2009 workshop on New security paradigms workshop},
  pages={133--144},
  year={2009}
}

@online{Nielsen2009stop,
  author="Jakob Nielsen",
  date="2009-06-22",
  title="Stop password masking",
  url="https://www.nngroup.com/articles/stop-password-masking/",
  urldate="2020-01-22"
}

@online{NIST2020NVD,
  title="National Vulnerability Database",
  url="https://nvd.nist.gov/",
  author="National Institute of Standards and Technologies (NIST)"
}

@online{CVE,
  title="Common Vulnerabilities and Exposures (CVE)",
  urldate="2022-03-18",
  url="https://cve.mitre.org/",
  author="MITRE"
}

@online{MITRE2020ATTACK,
  title="ATT\&CK",
  url="https://attack.mitre.org/",
  author="MITRE"
}
	
@online{NIST2020CPEstatistics,
  title="Official Common Platform Enumeration (CPE) Dictionary Statistics",
  urldate="2020-01-27",
  url="https://nvd.nist.gov/products/cpe/statistics",
  author="National Institute of Standards and Technologies (NIST)"
}

@online{Forbes2017market,
  author="Ricardo Villadiego",
  title="The Need For A Breakthrough In Cybersecurity",
  date="2019-10-09",
  urldate="2020-01-22",
  url="https://www.forbes.com/sites/forbestechcouncil/2019/10/09/the-need-for-a-breakthrough-in-cybersecurity/#520e08839f1f"
}

@online{Nasdaq2018market,
	title="Cybersecurity: Industry Report \& Investment Case",
	date="2018-06-25",
	url="https://www.nasdaq.com/articles/cybersecurity-industry-report-investment-case-2018-06-25",
	urldate="2020-01-22",
	publisher="Nasdaq"
}

@inproceedings{Mell2007CVSS,
  title={A complete guide to the common vulnerability scoring system version 2.0},
  author={Mell, Peter and Scarfone, Karen and Romanosky, Sasha},
  booktitle={Published by FIRST-forum of incident response and security teams},
  volume={1},
  pages={23},
  year={2007}
}

@book{Plato1914Plato,
	author = "Plato and Harold North Fowler and W R M Lamb and Robert Gregg Bury and Paul Shorey",
	title = "Plato in Twelve Volumes: with an English Translation",
	editor = "Heinemann H",
	publisher = "Harvard University Press",
	url = "http://www.perseus.tufts.edu/hopper/text?doc=Perseus%3Atext%3A1999.01.0172%3Atext%3DTheaet.%3Apage%3D201#note1",
	date = "1914",
	title = "Plato in Twelve Volumes: With an English Translation"
}

@inproceedings{bennettLogics,
  author    = {Tsau Young Lin and
               Qing Liu and
               Y. Y. Yao},
  title     = {Logics Systems for Approximate Reasoning: Approximation via Rough
               Sets and Topological Spaces},
  booktitle = {{ISMIS}},
  year      = {1994}
}

@inproceedings{improvingRCC,
  author    = {Rolf Gr{\"{u}}tter and
               Thomas Scharrenbach and
               Bettina Bauer{-}Messmer},
  title     = {Improving an RCC-Derived Geospatial Approximation by {OWL} Axioms},
  booktitle = {{ISWC}},
  year      = {2008}
}

@inproceedings{Santaca2016abf,
  author    = {Katia Santac{\`{a}} and
               Matteo Cristani and
               Marco Rocchetto and
               Luca Vigan{\`{o}}},
  title     = {A Topological Categorization of Agents for the Definition of Attack
               States in Multi-agent Systems},
  booktitle = {Proceedings of the European Conference on Multi-Agent Systems and Agreement Technologies (EUMAS)},
  pages     = {261--276},
  year      = {2016}
}

@article{Gettier2012knowledge,
  author    = {John Turri},
  title     = {Is knowledge justified true belief?},
  journal   = {Synthese},
  volume    = {184},
  number    = {3},
  pages     = {247--259},
  year      = {2012}
}

@article{Hintikka1962knowledge,
	author = {Jaakko Hintikka},
	volume = {16},
	year = {1962},
	journal = {Studia Logica},
	pages = {119--122},
	title = {Knowledge and Belief: An Introduction to the Logic of the Two Notions},
	publisher = {Springer}
}

@inproceedings{Varzi1994mereotopology,
  author = {Achille C. Varzi},
  title = {On the Boundary Between Mereology and Topology},
  year = {1994},
  booktitle = {Proceedings of the International Wittgenstein Symposium},
  pages     = {261--276},
}

@InProceedings{Grutter2008rcc,
author="Gr{\"u}tter, Rolf
and Scharrenbach, Thomas
and Bauer-Messmer, Bettina",
editor="Sheth, Amit
and Staab, Steffen
and Dean, Mike
and Paolucci, Massimo
and Maynard, Diana
and Finin, Timothy
and Thirunarayan, Krishnaprasad",
title="Improving an RCC-Derived Geospatial Approximation by OWL Axioms",
booktitle="The Semantic Web (ISWC)",
year="2008",
publisher="Springer Berlin Heidelberg",
pages="293--306",
}

@online{Garson2018modal,
	howpublished={https://plato.stanford.edu/entries/logic-modal/\#ModLog},
	author       =	{Garson, James},
	title        =	{Modal Logic},
	booktitle    =	{The Stanford Encyclopedia of Philosophy},
	editor       =	{Edward N. Zalta},
	year         =	{2018},
	edition      =	{Fall 2018},
	publisher    =	{Metaphysics Research Lab, Stanford University}
}

@InCollection{Steup2020epistemology,
	author       =	{Steup, Matthias and Neta, Ram},
	title        =	{Epistemology},
	booktitle    =	{The Stanford Encyclopedia of Philosophy},
	editor       =	{Edward N. Zalta},
	howpublished =	{\url{https://plato.stanford.edu/archives/spr2020/entries/epistemology/}},
	year         =	{2020},
	edition      =	{Spring 2020},
	publisher    =	{Metaphysics Research Lab, Stanford University}
}

@article{Smith1996mereotopology,
title = "Mereotopology: A theory of parts and boundaries",
journal = "Data \& Knowledge Engineering",
volume = "20",
number = "3",
pages = "287 - 303",
year = "1996",
note = "Modeling Parts and Wholes",
author = "Barry Smith"
}

@incollection{Rachavelpula2017mereotopology,
editor = {Michael Neaton and Peter Peter},
booktitle = {University of Chicago Mathematics Research Program},
author = {Saikeerthi Rachavelpula},
title = {The Category of Mereotopology and Its Ontological Consequences},
year = {2017}
}

@online{MITRE2020CWEresearch,
	title="CWE VIEW: Research Concepts",
	url="https://cwe.mitre.org/data/definitions/1000.html",
	publisher="The MITRE Corporation"
}

@online{MITRE2020CWEweakness,
	title="FAQ -- What is the difference between a software vulnerability and software weakness?",
	url="https://cwe.mitre.org/about/faq.html#A.2",
	publisher="The MITRE Corporation"
}

@online{CWE-116,
	title="Improper Encoding or Escaping of Output",
	date="2019-06-20",
	url="https://cwe.mitre.org/data/definitions/116.html",
	urldate="2020-02-04",
	publisher="The MITRE Corporation"
}

@online{CWE,
	title="Common Weakness Enumeration (CWE)",
	date="2019-01-09",
	url="https://cwe.mitre.org/",
	urldate="2020-02-04",
	publisher="The MITRE Corporation"
}

@online{CVE-2008-4636,
	title="CVE-2008-4636",
	date="2018-10-21",
	url="https://cve.mitre.org/cgi-bin/cvename.cgi?name=CVE-2008-4636",
	urldate="2020-02-04",
	publisher="The MITRE Corporation"
}
@online{CVE-2008-0769,
	title="CVE-2008-0769",
	date="2008-02-13",
	url="https://cve.mitre.org/cgi-bin/cvename.cgi?name=CVE-2008-0769",
	urldate="2020-02-04",
	publisher="The MITRE Corporation"
}
@online{CVE-2008-0005,
	title="CVE-2008-0005",
	date="2007-12-03",
	url="https://cve.mitre.org/cgi-bin/cvename.cgi?name=CVE-2008-0005",
	urldate="2020-02-04",
	publisher="The MITRE Corporation"
}
@online{CVE-2008-5573,
	title="CVE-2008-5573",
	date="2008-12-15",
	url="https://cve.mitre.org/cgi-bin/cvename.cgi?name=CVE-2008-5573",
	urldate="2020-02-04",
	publisher="The MITRE Corporation"
}
@online{CVE-2008-3773,
	title="CVE-2008-3773",
	date="2008-08-22",
	url="https://cve.mitre.org/cgi-bin/cvename.cgi?name=CVE-2008-3773",
	urldate="2020-02-04",
	publisher="The MITRE Corporation"
}
@online{CVE-2008-0757,
	title="CVE-2008-0757",
	date="2008-02-13",
	url="https://cve.mitre.org/cgi-bin/cvename.cgi?name=CVE-2008-0757",
	urldate="2020-02-04",
	publisher="The MITRE Corporation"
}
@online{pollpro,
	title = "The Youtube Poll Expert",
	url = "https://www.pollpro.com/",
	date = "2019",
	urldate = "2020-02-17",
	publisher = "Poll Pro"
}

@online{MITRE2020CAPEC,
  title="Common Attack Pattern Enumeration and Classification",
  url="https://capec.mitre.org/",
  publisher="The MITRE Corporation"
}

@online{CAPEC-104,
	title="CAPEC-104",
	date="2019-09-30",
	url="https://capec.mitre.org/data/definitions/104.html",
	urldate="2020-02-19",
	publisher="The MITRE Corporation"
}

@online{CAPEC-73,
	title="CAPEC-73",
	date="2019-09-30",
	url="https://capec.mitre.org/data/definitions/73.html",
	urldate="2020-02-19",
	publisher="The MITRE Corporation"
}
@online{CAPEC-81,
	title="CAPEC-81",
	date="2019-09-30",
	url="https://capec.mitre.org/data/definitions/81.html",
	urldate="2020-02-19",
	publisher="The MITRE Corporation"
}
@online{CAPEC-85,
	title="CAPEC-85",
	date="2019-09-30",
	url="https://capec.mitre.org/data/definitions/85.html",
	urldate="2020-02-19",
	publisher="The MITRE Corporation"
}

@book{Empiricus1990Pyrrhonism,
  author = "Sextus Empiricus",
  title = "Outline of Pyrrhonism",
  publisher = "Prometheus Book",
  isbn = "978-0-87975-597-3",
  date = "1990"
}
